@book{NetworkBook1,
author = "Олифер В. and Олифер Н. ",
title = "Компьютерные сети. Принципы, технологии, протоколы: Учебник для вузов. 5-е изд",
address = "СПб",
publisher = "Питер",
year = 2016,
numpages = 992,
language = "russian"
}

@book{NetworkBook2,
author = "Куроуз Д. and Росс К.",
title = "Компьютерные сети: Нисходящий подход. 6-е изд",
address = "Москва",
publisher = "Издательство <<Э>>",
year = 2016,
numpages = 912,
language = "russian"
}

@book{NetworkBook3,
author = "Сергеев А.Н.",
title = "Основы локальных компьютерных сетей: учебное пособие",
address = "СПб.",
publisher = "Издательство <<Лань>>",
year = 2016,
numpages = 184,
language = "russian"
}

@book{NetworkBook4,
author = "Таненбаум Э. and Уюзеролл Д.",
title = "Компьютерные сети. 5-е изд",
address = "СПб.",
publisher = "Питер",
year = 2012,
numpages = 960,
language = "russian"
}

@article{int1,
author = "",
key = "INTERNET",
title = "Яндекс.Маркет",
date = "16.05.2018",
url = "\url{http://market.yandex.ru} (дата обращения 16.05.2018)"
}